@article{DBLP:journals/corr/abs-1904-07733,
  author    = {Babak Naderi and
               Salar Mohtaj and
               Kaspar Ensikat and
               Sebastian M{\"{o}}ller},
  title     = {Subjective Assessment of Text Complexity: {A} Dataset for German Language},
  journal   = {CoRR},
  volume    = {abs/1904.07733},
  year      = {2019},
  url       = {http://arxiv.org/abs/1904.07733},
  archivePrefix = {arXiv},
  eprint    = {1904.07733},
  timestamp = {Fri, 26 Apr 2019 13:18:53 +0200},
  biburl    = {https://dblp.org/rec/journals/corr/abs-1904-07733.bib},
  bibsource = {dblp computer science bibliography, https://dblp.org}
}
@article{DBLP:journals/corr/abs-1810-04805,
  author    = {Jacob Devlin and
               Ming{-}Wei Chang and
               Kenton Lee and
               Kristina Toutanova},
  title     = {{BERT:} Pre-training of Deep Bidirectional Transformers for Language
               Understanding},
  journal   = {CoRR},
  volume    = {abs/1810.04805},
  year      = {2018},
  url       = {http://arxiv.org/abs/1810.04805},
  archivePrefix = {arXiv},
  eprint    = {1810.04805},
  timestamp = {Tue, 30 Oct 2018 20:39:56 +0100},
  biburl    = {https://dblp.org/rec/journals/corr/abs-1810-04805.bib},
  bibsource = {dblp computer science bibliography, https://dblp.org}
}
@article{DBLP:journals/corr/VaswaniSPUJGKP17,
  author    = {Ashish Vaswani and
               Noam Shazeer and
               Niki Parmar and
               Jakob Uszkoreit and
               Llion Jones and
               Aidan N. Gomez and
               Lukasz Kaiser and
               Illia Polosukhin},
  title     = {Attention Is All You Need},
  journal   = {CoRR},
  volume    = {abs/1706.03762},
  year      = {2017},
  url       = {http://arxiv.org/abs/1706.03762},
  archivePrefix = {arXiv},
  eprint    = {1706.03762},
  timestamp = {Sat, 23 Jan 2021 01:20:40 +0100},
  biburl    = {https://dblp.org/rec/journals/corr/VaswaniSPUJGKP17.bib},
  bibsource = {dblp computer science bibliography, https://dblp.org}
}
@article{DBLP:journals/corr/abs-2010-10906,
  author    = {Branden Chan and
               Stefan Schweter and
               Timo M{\"{o}}ller},
  title     = {German's Next Language Model},
  journal   = {CoRR},
  volume    = {abs/2010.10906},
  year      = {2020},
  url       = {https://arxiv.org/abs/2010.10906},
  archivePrefix = {arXiv},
  eprint    = {2010.10906},
  timestamp = {Mon, 26 Oct 2020 15:39:44 +0100},
  biburl    = {https://dblp.org/rec/journals/corr/abs-2010-10906.bib},
  bibsource = {dblp computer science bibliography, https://dblp.org}
}
@article{DBLP:journals/corr/abs-1910-03771,
  author    = {Thomas Wolf and
               Lysandre Debut and
               Victor Sanh and
               Julien Chaumond and
               Clement Delangue and
               Anthony Moi and
               Pierric Cistac and
               Tim Rault and
               R{\'{e}}mi Louf and
               Morgan Funtowicz and
               Jamie Brew},
  title     = {HuggingFace's Transformers: State-of-the-art Natural Language Processing},
  journal   = {CoRR},
  volume    = {abs/1910.03771},
  year      = {2019},
  url       = {http://arxiv.org/abs/1910.03771},
  archivePrefix = {arXiv},
  eprint    = {1910.03771},
  timestamp = {Tue, 02 Jun 2020 12:49:01 +0200},
  biburl    = {https://dblp.org/rec/journals/corr/abs-1910-03771.bib},
  bibsource = {dblp computer science bibliography, https://dblp.org}
}
@article{DBLP:journals/corr/abs-1711-05101,
  author    = {Ilya Loshchilov and
               Frank Hutter},
  title     = {Fixing Weight Decay Regularization in Adam},
  journal   = {CoRR},
  volume    = {abs/1711.05101},
  year      = {2017},
  url       = {http://arxiv.org/abs/1711.05101},
  archivePrefix = {arXiv},
  eprint    = {1711.05101},
  timestamp = {Mon, 13 Aug 2018 16:48:18 +0200},
  biburl    = {https://dblp.org/rec/journals/corr/abs-1711-05101.bib},
  bibsource = {dblp computer science bibliography, https://dblp.org}
}
@inproceedings{reimers-2019-sentence-bert,
    title = "Sentence-BERT: Sentence Embeddings using Siamese BERT-Networks",
    author = "Reimers, Nils and Gurevych, Iryna",
    booktitle = "Proceedings of the 2019 Conference on Empirical Methods in Natural Language Processing",
    month = "11",
    year = "2019",
    publisher = "Association for Computational Linguistics",
    url = "https://arxiv.org/abs/1908.10084",
}



